@Article{ref1,
author={Durand, Patrick AND Durand, René}, journal={Le beau journal},
title={Les tomates tueuses},
year={2007},
month={jan},
pages={24},
notes={sympatique}
}

@book{ref2,
	author={Dupont, Fernand},
	title={Les choux farcis}, 
	publisher={Un gros éditeur}, 
	year={2004}
}

@manual{ref3,
	title={réparer son vaisseau}, 
	author={Dupont, Nestor}, 
	year={2009}, 
	organization={l'Alliance}
}

@misc{ref4,
	author={Les Zéros}, 
	title={Le site du zéro}, 
	month={jun},
	year={2009}, 
	note={www.siteduzero.com} 
}

@phdthesis{ref5,
	title={La Belle thèse}, 
	author={Barbu, Monsieur}, 
	school={Université}, 
	year={2002}
}

@unpublished{ref6,
	author={Mauvais, Monsieur}, 
	title={Mon roman inachevé}, 
	note={il est chouette mon roman}, 
	year={2000},
	month={feb}
}